@online{hackerrank,
  title        = {Roads and Libraries | HackerRank},
  url          = {https://www.hackerrank.com/challenges/torque-and-development/problem},
  urldate      = {2024-12-03},
  organization = {HackerRank},
  year         = {2024},
  note         = {Accessed: 2024-12-03}
}

@online{triangularnumber,
  author       = {Wikipedia},
  title        = {Triangular number},
  year         = {2024},
  url          = {https://en.wikipedia.org/wiki/Triangular_number},
  urldate      = {2024-12-03},
  organization = {Wikipedia},
  note         = {Accessed: 2024-12-03}
}

@online{graphcomponent,
  author       = {Wikipedia},
  title        = {Component (graph theory)},
  url          = {https://en.wikipedia.org/wiki/Component_(graph_theory)},
  urldate      = {2024-12-03},
  organization = {Wikipedia},
  note         = {Accessed: 2024-12-03}
}

@software{manim,
  author  = {Manim Community Developers},
  title   = {Manim: Mathematical Animation Framework},
  url     = {https://www.manim.community/},
  version = {v0.14.0},
  year    = {2024},
  note    = {Accessed: 2024-12-03}
}
